<record xmlns="http://www.loc.gov/MARC21/slim" xmlns:xsi="http://www.w3.org/2001/XMLSchema-instance" xsi:schemaLocation="http://www.loc.gov/MARC21/slim http://www.loc.gov/standards/marcxml/schema/MARC21slim.xsd"><leader>00398nz   2200121n  4500</leader><controlfield tag="001">oca05962299 </controlfield><controlfield tag="005">20030201071028.0</controlfield><controlfield tag="008">030131n| acannaabn          |n aaa     c</controlfield><datafield ind1=" " ind2=" " tag="010"><subfield code="a">no2003009617</subfield></datafield><datafield ind1=" " ind2=" " tag="040"><subfield code="a">ICU</subfield><subfield code="b">eng</subfield><subfield code="c">ICU</subfield></datafield><datafield ind1="0" ind2=" " tag="100"><subfield code="a">Grillius,</subfield><subfield code="c">grammarian,</subfield><subfield code="d">5th cent.?</subfield></datafield><datafield ind1=" " ind2=" " tag="670"><subfield code="a">Commentum in Ciceronis rhetorica, 2002:</subfield><subfield code="b">t.p. (Grillius)</subfield></datafield><datafield ind1=" " ind2=" " tag="670"><subfield code="a">LC class. schedule PA</subfield><subfield code="b">(Grillius, grammarian, 5th (?) cent. A.D.)</subfield></datafield></record>